<?xml version="1.0" encoding="UTF-8"?><record xmlns="http://www.loc.gov/MARC21/slim" xmlns:cinclude="http://apache.org/cocoon/include/1.0" xmlns:zs="http://www.loc.gov/zing/srw/">
  <leader>00369nz  a2200121n  4500</leader>
  <controlfield tag="001">nr2004009325</controlfield>
  <controlfield tag="003">DLC</controlfield>
  <controlfield tag="005">20040413033103.0</controlfield>
  <controlfield tag="008">040324n| acannaabn          |n aaa     c</controlfield>
  <datafield tag="010" ind1=" " ind2=" ">
    <subfield code="a">nr2004009325</subfield>
  </datafield>
  <datafield tag="040" ind1=" " ind2=" ">
    <subfield code="a">CtY-Mus</subfield>
    <subfield code="b">eng</subfield>
    <subfield code="c">CtY-Mus</subfield>
  </datafield>
  <datafield tag="100" ind1="1" ind2=" ">
    <subfield code="a">Ferroud, Pierre-Octave,</subfield>
    <subfield code="d">1900-1936.</subfield>
    <subfield code="t">Spiritual</subfield>
  </datafield>
  <datafield tag="670" ind1=" " ind2=" ">
    <subfield code="a">Ferroud, P.O. Spiritual, 2002, c1927:</subfield>
    <subfield code="b">t.p. (Spiritual : pour la guitare)</subfield>
  </datafield>
</record>